https://en.wikipedia.org/wiki/Opportunity_cost